<marc:record xmlns:marc="http://www.loc.gov/MARC21/slim" xmlns:xsi="http://www.w3.org/2001/XMLSchema-instance" xsi:schemaLocation="http://www.loc.gov/MARC21/slim http://www.loc.gov/standards/marcxml/schema/MARC21slim.xsd">
  <marc:leader>     cam a2200289 a 4500</marc:leader>
  <marc:controlfield tag="001">002086386</marc:controlfield>
  <marc:controlfield tag="003">NNU</marc:controlfield>
  <marc:controlfield tag="005">20061010172053.0</marc:controlfield>
  <marc:controlfield tag="008">870123m19831985ir h     b    000 0 araod</marc:controlfield>
  <marc:datafield tag="035" ind1="9" ind2=" ">
    <marc:subfield code="a">NYUb11042316</marc:subfield>
  </marc:datafield>
  <marc:datafield tag="035" ind1=" " ind2=" ">
    <marc:subfield code="a">(CStRLIN)NYUG87-B2516</marc:subfield>
  </marc:datafield>
  <marc:datafield tag="040" ind1=" " ind2=" ">
    <marc:subfield code="a">MiU</marc:subfield>
    <marc:subfield code="c">MiU</marc:subfield>
    <marc:subfield code="d">NNU</marc:subfield>
  </marc:datafield>
  <marc:datafield tag="066" ind1=" " ind2=" ">
    <marc:subfield code="c">(3</marc:subfield>
  </marc:datafield>
  <marc:datafield tag="090" ind1=" " ind2=" ">
    <marc:subfield code="a">BP135.A3</marc:subfield>
    <marc:subfield code="b">A295 1983</marc:subfield>
  </marc:datafield>
  <marc:datafield tag="100" ind1="1" ind2=" ">
    <marc:subfield code="a">Ibn Abī Jumhūr al-Aḥsāʼī, Muḥammad ibn ʻAlī,</marc:subfield>
    <marc:subfield code="d">d. ca. 1473</marc:subfield>
    <marc:subfield code="6">01</marc:subfield>
  </marc:datafield>
  <marc:datafield tag="100" ind1="0" ind2=" ">
    <marc:subfield code="6">01</marc:subfield>
    <marc:subfield code="a">محمد بن على بن ابراهيم الاحسائي.</marc:subfield>
  </marc:datafield>
  <marc:datafield tag="245" ind1="1" ind2="0">
    <marc:subfield code="6">02</marc:subfield>
    <marc:subfield code="a">ʻAwālī al-laʼālī al-ʻazīzīyah fī al-aḥādīth al-dīnīyah /</marc:subfield>
    <marc:subfield code="c">li-Muḥammad ibn ʻAlī ibn Ibrāhīm al-Aḥsāʼī al-maʻrūf bi-ibn Abī Jumhūr ; qaddama lahu Shihāb al-Dīn al-Najafī al-Marʻishī ; taḥqīq Mujtabā al-ʻIrāqī.</marc:subfield>
  </marc:datafield>
  <marc:datafield tag="245" ind1="1" ind2="0">
    <marc:subfield code="6">02</marc:subfield>
    <marc:subfield code="a">عوالى اللئالى العزيزية في الأحاديث الدينية /</marc:subfield>
    <marc:subfield code="c">لمحمد بن على بن ابراهيم الاحسائي المعروف بابن ابى جمهور ؛ قدم له شهاب الدين النجفى المرعشى ؛ تحقيق مجتبى العراقى.</marc:subfield>
  </marc:datafield>
  <marc:datafield tag="250" ind1=" " ind2=" ">
    <marc:subfield code="6">03</marc:subfield>
    <marc:subfield code="a">alṬabʻah 1.</marc:subfield>
  </marc:datafield>
  <marc:datafield tag="250" ind1=" " ind2=" ">
    <marc:subfield code="6">03</marc:subfield>
    <marc:subfield code="a">الطبعة ١.</marc:subfield>
  </marc:datafield>
  <marc:datafield tag="260" ind1=" " ind2=" ">
    <marc:subfield code="6">04</marc:subfield>
    <marc:subfield code="a">Qum :</marc:subfield>
    <marc:subfield code="b">Maṭbaʻat Sayyid al-Shuhadāʼ,</marc:subfield>
    <marc:subfield code="c">1983-1985.</marc:subfield>
  </marc:datafield>
  <marc:datafield tag="260" ind1=" " ind2=" ">
    <marc:subfield code="6">04</marc:subfield>
    <marc:subfield code="a">قم :</marc:subfield>
    <marc:subfield code="b">مطبعة سيد الشهداء،</marc:subfield>
    <marc:subfield code="c">١٩٨٥-١٩٨٣.</marc:subfield>
  </marc:datafield>
  <marc:datafield tag="300" ind1=" " ind2=" ">
    <marc:subfield code="a">4 v. :</marc:subfield>
    <marc:subfield code="b">facsims. ;</marc:subfield>
    <marc:subfield code="c">24 cm.</marc:subfield>
  </marc:datafield>
  <marc:datafield tag="504" ind1=" " ind2=" ">
    <marc:subfield code="a">Includes bibliographical references.</marc:subfield>
  </marc:datafield>
  <marc:datafield tag="650" ind1=" " ind2="0">
    <marc:subfield code="a">Hadith.</marc:subfield>
  </marc:datafield>
  <marc:datafield tag="700" ind1="1" ind2=" ">
    <marc:subfield code="a">Marʻashī Najafī, Shihāb al-Dīn.</marc:subfield>
  </marc:datafield>
  <marc:datafield tag="700" ind1="1" ind2=" ">
    <marc:subfield code="a">ʻIrāqī, Mujtabá.</marc:subfield>
  </marc:datafield>
  <marc:datafield tag="998" ind1=" " ind2=" ">
    <marc:subfield code="a">19930719</marc:subfield>
    <marc:subfield code="d">19870123</marc:subfield>
    <marc:subfield code="d">19930719</marc:subfield>
    <marc:subfield code="n">NNU</marc:subfield>
    <marc:subfield code="s">1</marc:subfield>
    <marc:subfield code="t">c</marc:subfield>
    <marc:subfield code="z">p</marc:subfield>
  </marc:datafield>
</marc:record>
